@article{Tobler1970,
    title = {{A Computer Movie Simulating Urban Growth in the Detroit Region}},
    year = {1970},
    journal = {Economic Geography},
    author = {Tobler, Waldo Rudolph},
    pages = {234},
    volume = {46},
    url = {https://www.jstor.org/stable/143141 http://www.jstor.org/stable/143141?origin=crossref},
    isbn = {0013-0095},
    doi = {10.2307/143141},
    issn = {00130095},
    pmid = {17830982},
    arxivId = {arXiv:1011.1669v3}
}

@article{VanDerGoot1982,
    title = {{A model to describe the choice of parking places}},
    year = {1982},
    journal = {Transportation Research Part A: General},
    author = {Van Der Goot, D.},
    number = {2},
    pages = {109--115},
    volume = {16},
    url = {https://doi.org/10.1016/0191-2607(82)90003-6},
    isbn = {0191-2607},
    doi = {10.1016/0191-2607(82)90003-6},
    issn = {01912607},
    keywords = {Activity scheduling, Econometric modelling, Land use, Parking, Travel demand}
}

@article{Guo2013,
    title = {{A novel agent-based transportation model of a university campus with application to quantifying the environmental cost of parking search}},
    year = {2013},
    journal = {Transportation Research Part A: Policy and Practice},
    author = {Guo, Liya and Huang, Shan and Sadek, Adel W.},
    pages = {86--104},
    volume = {50},
    url = {http://dx.doi.org/10.1016/j.tra.2013.01.045},
    doi = {10.1016/j.tra.2013.01.045},
    issn = {09658564},
    keywords = {Agent-based modeling and simulation, Emissions estimation, MOVES, Micro-simulation, Parking choice and behavior, TRANSIMS}
}

@article{Thompson1998,
    title = {{A Parking Search Model}},
    year = {1998},
    author = {Thompson, Russell G.},
    number = {3},
    volume = {32},
    isbn = {9781349435296},
    doi = {https://doi.org/10.1016/S0965-8564(97)00005-0}
}

@article{Young1991,
    title = {{A review of urban car parking models: Foreign summaries}},
    year = {1991},
    journal = {Transport Reviews},
    author = {Young, William and Thompson, Russell G. and Taylor, Michael A.P.},
    number = {1},
    pages = {63--84},
    volume = {11},
    isbn = {0144164910871},
    doi = {10.1080/01441649108716773},
    issn = {14645327},
    pmid = {18584395}
}

@article{Harris1997,
    title = {{A SIMULATION APPROACH FOR ANALYZING PARKING SPACE AVAILABILITY AT A MAJOR UNIVERSITY}},
    year = {1997},
    author = {Harris, John M and Field, Cook},
    doi = {https://doi.org/10.1145/268437.268759}
}

@article{Geurs2004,
    title = {{Accessibility evaluation of land-use and transport strategies: Review and research directions}},
    year = {2004},
    journal = {Journal of Transport Geography},
    author = {Geurs, Karst T. and van Wee, Bert},
    number = {2},
    pages = {127--140},
    volume = {12},
    isbn = {3130274391},
    doi = {10.1016/j.jtrangeo.2003.10.005},
    issn = {09666923},
    keywords = {Accessibility, Land-use, Policy evaluation, Transport}
}

@book{Hull2012,
    title = {{Accessibility Instruments for Planning Practice}},
    year = {2012},
    booktitle = {Accessibility Instruments for Planning Practice},
    author = {Hull, Angela and Silva, Cecília and Bertolini, Luca},
    number = {January 2016},
    pages = {1--137},
    isbn = {9789892031873},
    doi = {10.13140/RG.2.1.1868.3605},
    issn = {1538-7933},
    pmid = {16961612}
}

@article{Hodge1997,
    title = {{Accessibility-related issues}},
    year = {1997},
    journal = {Journal of Transport Geography},
    author = {Hodge, David C.},
    number = {1},
    pages = {33--34},
    volume = {5},
    isbn = {0966-6923},
    doi = {10.1016/S0966-6923(96)00050-6},
    issn = {09666923}
}

@misc{Espoonkaupunki2020,
    title = {{Aluejakokartat}},
    year = {2020},
    author = {{Espoon kaupunki}},
    url = {https://www.espoo.fi/fi-fi/Espoon_kaupunki/Tietoa_Espoosta/Tilastot_ja_tutkimukset/Aluejakokartat}
}

@article{Saltzman1997,
    title = {{An Animated Simulation Model for Analyzing On-Street Parking Issues}},
    year = {1997},
    journal = {Simulation},
    author = {Saltzman, Robert M.},
    number = {2},
    pages = {79--90},
    volume = {69},
    doi = {10.1177/003754979706900201},
    issn = {00375497},
    keywords = {FSTOP, On-street parking, animated simulation, parking enforcement, parking meter revenues}
}

@misc{AnacondaInc.2020,
    title = {{Anaconda Individual Edition}},
    year = {2020},
    author = {{Anaconda Inc.}},
    url = {https://www.anaconda.com/distribution/}
}

@book{Bergroth2015,
    title = {{Analysing multimodal accessibility and mobility in urban environments, Final report of a PhD / MSc course at the Department of Geosciences}},
    year = {2015},
    author = {Bergroth, Claudia and Kukkala, Aija and Willberg, Elias and Helle, Veera and Paananen, Kaisa and Viinikka, Arto and Backman, Katri and H{\"{o}}ltt{\"{a}}, Jenny and Lehtovuori, Laura and Kivist{\"{o}}, Kirsi and Maijala, Miikkael and Yaghoubian, Mahdi and Laatikainen, Tiina and Piiroinen, Rami and Lehtinen, Eeropekka},
    editor = {Salonen, Maria and Tenkanen, Henrikki and Toivonen, Tuuli},
    pages = {73},
    publisher = {Unigrafia},
    url = {http://blogs.helsinki.fi/accessibility/publications/},
    isbn = {978-952-10-9472-9}
}

@book{TeBrommelstroet2014,
    title = {{Assessing usability of accessibility instruments}},
    year = {2014},
    author = {te Brömmelstroet, Marco and Silva, Cecília and Bertolini, Luca},
    pages = {191},
    publisher = {Off Page, Amsterdam},
    url = {http://dare.uva.nl/search?metis.record.id=430482},
    address = {Amsterdam},
    isbn = {978-90-9028212-1}
}

@article{Wilson2014,
    title = {{Best Practices for Scientific Computing}},
    year = {2014},
    journal = {PLoS Biology},
    author = {Wilson, Greg and Aruliah, D. A. and Brown, C. Titus and Chue Hong, Neil P. and Davis, Matt and Guy, Richard T. and Haddock, Steven H.D. and Huff, Kathryn D. and Mitchell, Ian M. and Plumbley, Mark D. and Waugh, Ben and White, Ethan P. and Wilson, Paul},
    number = {1},
    volume = {12},
    url = {http://journals.plos.org/plosbiology/article?id=10.1371/journal.pbio.1001745},
    isbn = {1545-7885 (Electronic){\textbackslash}r1544-9173 (Linking)},
    doi = {10.1371/journal.pbio.1001745},
    issn = {15449173},
    pmid = {24415924},
    arxivId = {arXiv:1210.0530v4}
}

@phdthesis{Tenkanen2017,
    title = {{Capturing time in space: Dynamic analysis of accessibility and mobility to support spatial planning with open data and tools}},
    year = {2017},
    author = {Tenkanen, Henrikki},
    pages = {67},
    url = {https://helda.helsinki.fi/bitstream/handle/10138/228232/capturin.pdf?sequence=1},
    school = {University of Helsinki},
    isbn = {978-951-51-2396-9},
    keywords = {Accessibility, Africa, Data mining, Data science, Finland, GIS, Helsinki Region, Multimodal, National parks, Open data, Peruvian Amazonia, Social media, South, Spatial mobility, Spatial planning, Spatio-temporal, Tallinn, Travel time}
}

@misc{W3C2020,
    title = {{Cascading style sheets}},
    year = {2020},
    author = {{W3C}},
    url = {https://www.w3.org/Style/CSS/Overview.en.html}
}

@incollection{Sperling2009,
    title = {{Chapter 1: Surviving Two Billion Cars}},
    year = {2009},
    booktitle = {Two Billion Cars: Driving Toward Sustainability},
    author = {Sperling, Daniel and Gordon, Deborah},
    chapter = {1},
    pages = {1--12},
    publisher = {Oxford University Press, Inc.},
    address = {New York},
    isbn = {9780199704095},
    keywords = {Automotive, Transportation}
}

@article{Laatikainen2015,
    title = {{Comparing conventional and PPGIS approaches in measuring equality of access to urban aquatic environments}},
    year = {2015},
    journal = {Landscape and Urban Planning},
    author = {Laatikainen, Tiina and Tenkanen, Henrikki and Kytt{\"{a}}, Marketta and Toivonen, Tuuli},
    pages = {22--33},
    volume = {144},
    publisher = {Elsevier B.V.},
    url = {http://dx.doi.org/10.1016/j.landurbplan.2015.08.004},
    isbn = {0169-2046},
    doi = {10.1016/j.landurbplan.2015.08.004},
    issn = {01692046},
    keywords = {Accessibility, Aquatic environments, Environmental justice, PPGIS, Public participation GIS, Urban water areas}
}

@misc{GeoNet-TheEsriCommunity2018,
    title = {{Constraint message in Web Form persists during correct answer}},
    year = {2018},
    author = {{GeoNet - The Esri Community}},
    url = {https://community.esri.com/thread/223993-constraint-message-in-web-form-persists-during-correct-answer}
}

@article{Alemi2018,
    title = {{Cruising and on-street parking pricing: A difference-in-difference analysis of measured parking search time and distance in San Francisco}},
    year = {2018},
    journal = {Transportation Research Part A: Policy and Practice},
    author = {Alemi, Farzad and Rodier, Caroline and Drake, Christiana},
    number = {February},
    pages = {187--198},
    volume = {111},
    doi = {10.1016/j.tra.2018.03.007},
    issn = {09658564},
    keywords = {Cruising, Difference-in-difference, Parking pricing, Parking search distance, Parking search time, SFpark}
}

@article{Shoup2006,
    title = {{Cruising for parking}},
    year = {2006},
    journal = {Transport Policy},
    author = {Shoup, Donald C.},
    number = {6},
    pages = {479--486},
    volume = {13},
    isbn = {0967-070X},
    doi = {10.1016/j.tranpol.2006.05.005},
    issn = {0967070X},
    keywords = {Congestion, Parking, Pricing}
}

@article{Salonen2014,
    title = {{Do suburban residents prefer the fastest or low-carbon travel modes? Combining public participation GIS and multimodal travel time analysis for daily mobility research}},
    year = {2014},
    journal = {Applied Geography},
    author = {Salonen, Maria and Broberg, Anna and Kytt{\"{a}}, Marketta and Toivonen, Tuuli},
    pages = {438--448},
    volume = {53},
    url = {https://doi.org/10.1016/j.apgeog.2014.06.028},
    isbn = {0143-6228},
    doi = {10.1016/j.apgeog.2014.06.028},
    issn = {01436228},
    keywords = {Carbon-intensity, Daily mobility, PPGIS, Travel behaviour, Travel mode, Travel time}
}

@article{Chaniotakis2015,
    title = {{Drivers' parking location choice under uncertain parking availability and search times: A stated preference experiment}},
    year = {2015},
    journal = {Transportation Research Part A: Policy and Practice},
    author = {Chaniotakis, Emmanouil and Pel, Adam J.},
    pages = {228--239},
    volume = {82},
    publisher = {Elsevier Ltd},
    url = {http://dx.doi.org/10.1016/j.tra.2015.10.004},
    isbn = {0965-8564},
    doi = {10.1016/j.tra.2015.10.004},
    issn = {09658564},
    keywords = {Choice behaviour, Choice factors, Parking, Parking uncertainty, Stated preference}
}

@misc{Vanderkam2018,
    title = {{dygraphs: Interface to 'Dygraphs' Interactive Time Series Charting Library}},
    year = {2018},
    author = {Vanderkam, Dan and Allaire, J J and Owen, Jonathan and Gromer, Daniel and Thieurmel, Benoit},
    url = {https://cran.r-project.org/package=dygraphs}
}

@article{Leclercq2017,
    title = {{Dynamic macroscopic simulation of on-street parking search: A trip-based approach}},
    year = {2017},
    journal = {Transportation Research Part B: Methodological},
    author = {Leclercq, Ludovic and S{\'{e}}n{\'{e}}cat, Alméria and Mariotte, Guilhem},
    pages = {268--282},
    volume = {101},
    publisher = {Elsevier Ltd},
    doi = {10.1016/j.trb.2017.04.004},
    issn = {01912615}
}

@misc{StatisticsFinland2019,
    title = {{Energy prices grew in 2018}},
    year = {2019},
    booktitle = {Official Statistics of Finland},
    author = {{Statistics Finland}},
    url = {https://www.tilastokeskus.fi/til/ehi/2018/04/ehi_2018_04_2019-03-13_tie_001_en.html}
}

@article{Tong2004,
    title = {{Estimation of parking accumulation profiles from survey data}},
    year = {2004},
    journal = {Transportation},
    author = {Tong, C. O. and Wong, S. C. and Leung, B. S.Y.},
    number = {2},
    pages = {183--202},
    volume = {31},
    doi = {10.1023/B:PORT.0000016579.36253.a9},
    issn = {00494488},
    keywords = {Cluster analysis, Parking accumulation profile}
}

@article{Martens2008,
    title = {{Evaluating Urban Parking Policies with Agent-Based Model of Driver Parking Behavior}},
    year = {2008},
    journal = {Transportation Research Record: Journal of the Transportation Research Board},
    author = {Martens, Karel and Benenson, Itzhak},
    number = {2046},
    pages = {37--44},
    volume = {2046},
    url = {http://trrjournalonline.trb.org/doi/10.3141/2046-05},
    isbn = {0361-1981},
    doi = {10.3141/2046-05},
    issn = {0361-1981}
}

@article{Levy2013,
    title = {{Exploring cruising using agent-based and analytical models of parking}},
    year = {2013},
    journal = {Transportmetrica A: Transport Science},
    author = {Levy, Nadav and Martens, Karel and Benenson, Itzhak},
    number = {9},
    pages = {773--797},
    volume = {9},
    url = {https://doi.org/10.1080/18128602.2012.664575},
    isbn = {2324-9935},
    doi = {10.1080/18128602.2012.664575},
    issn = {23249935},
    keywords = {agent-based modelling, cruising for parking, parking modelling, parking search, transportation modelling}
}

@phdthesis{Brooke,
    title = {{Factors influencing urban on-street parking search time using a multilevel modelling approach Factors influencing urban on-street parking search time using a multilevel modelling approach by A Doctoral Thesis of Loughborough University}},
    author = {Brooke, Sarah},
    pages = {245},
    url = {https://dspace.lboro.ac.uk/2134/20180},
    school = {Lougborough University},
    keywords = {case study approach, multilevel modelling, parking policy, parking search, qualitative interviews, revealed preference survey}
}

@article{Benenson2008a,
    title = {{From modeling parking search to establishing urban parking policy}},
    year = {2008},
    journal = {Zeitschrift K{\"{u}}nstliche Intelligenz},
    author = {Benenson, Itzhak and Martens, Karel},
    number = {08},
    pages = {8–13},
    volume = {3},
    url = {http://www.worldparkingsymposium.ca/parking-library/download/73/00000073_d090014ct.pdf}
}

@misc{GeoPandasDevelopers2019,
    title = {{GeoPandas}},
    year = {2019},
    author = {{GeoPandas developers}},
    url = {https://geopandas.org}
}

@article{Martens2010,
    title = {{Geospatial Analysis and Modelling of Urban Structure and Dynamics}},
    year = {2010},
    author = {Martens, Karel and Benenson, Itzhak and Levy, Nadav},
    volume = {99},
    url = {http://link.springer.com/10.1007/978-90-481-8572-6},
    isbn = {978-90-481-8571-9},
    doi = {10.1007/978-90-481-8572-6},
    issn = {0924-5499},
    pmid = {15991970},
    arxivId = {arXiv:1011.1669v3},
    keywords = {Cruising for parking, agent-based modelling, parking modelling, parking search, transportation modelling}
}

@misc{Gohel2019,
    title = {{ggiraph: Make 'ggplot2' Graphics Interactive}},
    year = {2019},
    author = {Gohel, David and Skintzos, Panagiotis},
    url = {https://cran.r-project.org/package=ggiraph}
}

@book{Wickham2016,
    title = {{ggplot2: Elegant Graphics for Data Analysis}},
    year = {2016},
    author = {Wickham, Hadley},
    publisher = {Springer-Verlag New York},
    url = {https://ggplot2.tidyverse.org},
    isbn = {978-3-319-24277-4}
}

@article{Levy2015,
    title = {{GIS-based method for assessing city parking patterns}},
    year = {2015},
    journal = {Journal of Transport Geography},
    author = {Levy, Nadav and Benenson, Itzhak},
    pages = {220--231},
    volume = {46},
    publisher = {Elsevier Ltd},
    url = {http://linkinghub.elsevier.com/retrieve/pii/S0966692315001052},
    isbn = {0966-6923},
    doi = {10.1016/j.jtrangeo.2015.06.015},
    issn = {09666923},
    keywords = {ArcGIS application, High-resolution GIS, Parking modelling, Parking policy, Transportation planning, Urban parking}
}

@article{VanderWaerden2015,
    title = {{GPS Data and Car Drivers’ Parking Search Behavior in the City of Turnhout, Belgium}},
    year = {2015},
    journal = {Lecture Notes in Geoinformation and Cartography},
    author = {van der Waerden, Peter and Timmermans, Harry and Van Hove, Lies},
    pages = {247--256},
    volume = {214},
    url = {https://helka.finna.fi/PrimoRecord/pci.scopus2-s2.0-84915756391 https://link.springer.com/chapter/10.1007%2F978-3-319-11463-7_18},
    isbn = {9783319114620},
    doi = {10.1007/978-3-319-11463-7},
    issn = {18632351},
    keywords = {Behavior, GIS ostrava 2014, GPS, Parking search, TransCAD}
}

@article{Tenkanen2016,
    title = {{Health research needs more comprehensive accessibility measures: integrating time and transport modes from open data}},
    year = {2016},
    journal = {International Journal of Health Geographics},
    author = {Tenkanen, Henrikki and Saarsalmi, Perttu and J{\"{a}}rv, Olle and Salonen, Maria and Toivonen, Tuuli},
    number = {1},
    pages = {23},
    volume = {15},
    publisher = {BioMed Central},
    url = {http://ij-healthgeographics.biomedcentral.com/articles/10.1186/s12942-016-0052-x},
    doi = {10.1186/s12942-016-0052-x},
    issn = {1476-072X},
    keywords = {Accessibility, Door-to-door approach, Food, Health, Multimodal, Open data, Private car, Public transport, Spatio-temporal, Travel time}
}

@misc{Tenkanen2018,
    title = {{Helsinki Region Travel Time Matrix 2018}},
    year = {2018},
    author = {Tenkanen, Henrikki and Espinosa, Jeison Londoño and Willberg, Elias and Heikinheimo, Vuokko and Tarnanen, Ainokaisa and Jaakkola, Timo and J{\"{a}}rvi, Juha and Salonen, Maria and Toivonen, Tuuli},
    doi = {10.13140/RG.2.2.20858.39362}
}

@misc{WHATWG2020,
    title = {{HTML - living standard}},
    year = {2020},
    author = {{WHATWG}},
    url = {https://html.spec.whatwg.org/multipage/}
}

@article{Zhang2008,
    title = {{Integrated daily commuting patterns and optimal road tolls and parking fees in a linear city}},
    year = {2008},
    journal = {Transportation Research Part B: Methodological},
    author = {Zhang, Xiaoning and Huang, Hai Jun and Zhang, H. M.},
    number = {1},
    pages = {38--56},
    volume = {42},
    isbn = {0191-2615},
    doi = {10.1016/j.trb.2007.06.001},
    issn = {01912615},
    keywords = {Daily commuting pattern, Nash equilibrium, Parking fee, Road toll, User equilibrium}
}

@techreport{Dwyer2010,
    title = {{Integrating Australia's Transport Systems: A Strategy for an Efficient Transport Future}},
    year = {2010},
    author = {Dwyer, Adrian and Williams, Robert},
    pages = {88},
    url = {http://www.aph.gov.au/DocumentStore.ashx?id=e660c6b5-defe-4d16-a07d-bd622244b534&subId=32630}
}

@article{Bischoff2017,
    title = {{Integrating explicit parking search into a transport simulation}},
    year = {2017},
    journal = {Procedia Computer Science},
    author = {Bischoff, Joschka and Nagel, Kai},
    pages = {881--886},
    volume = {109},
    publisher = {Elsevier B.V.},
    url = {http://dx.doi.org/10.1016/j.procs.2017.05.414},
    doi = {10.1016/j.procs.2017.05.414},
    issn = {18770509},
    keywords = {MATSim, parking, parking behavior, parking search, transport simulation}
}

@article{Toivonen2014a,
    title = {{Joukkoliikenteell{\"{a}}, autolla ja k{\"{a}}vellen: Avoin saavutettavuusaineisto p{\"{a}}{\"{a}}kaupunkiseudulta}},
    year = {2014},
    journal = {Terra},
    author = {Toivonen, Tuuli and Salonen, Maria and Tenkanen, Henrikki and Saarsalmi, Perttu and Jaakkola, Timo and J{\"{a}}rvi, Juha},
    number = {3},
    pages = {127--136},
    volume = {126},
    url = {http://blogs.helsinki.fi/accessibility/publications/},
    issn = {00403741},
    keywords = {Helsinki Metropolitan Area, accessibility, multimodal, open data, travel time}
}

@techreport{Kalenoja2003,
    title = {{Keskustan pys{\"{a}}k{\"{o}}inti osana liikennej{\"{a}}rjestelm{\"{a}}{\"{a}} - Tampereen keskustan pys{\"{a}}k{\"{o}}intitutkimus}},
    year = {2003},
    author = {Kalenoja, Hannu and H{\"{a}}yrynen, Juha-Pekka},
    number = {51},
    pages = {108},
    publisher = {Tampere University of Technology},
    url = {http://www.tut.fi/verne/wp-content/uploads/%0Atampereen_keskustan_pysakointitutkimus.pdf},
    institution = {Tampere University of Technology},
    isbn = {9521510927},
    keywords = {Parking demand, on-street parking, parking facility, parking guidance, parking survey}
}

@misc{Agafonkin2019,
    title = {{Leaflet}},
    year = {2019},
    author = {Agafonkin, Vladimir},
    url = {https://leafletjs.com}
}

@article{Wang2004,
    title = {{Locating and pricing park-and-ride facilities in a linear monocentric city with deterministic mode choice}},
    year = {2004},
    journal = {Transportation Research Part B: Methodological},
    author = {Wang, Judith Y.T. and Yang, Hai and Lindsey, Robin},
    number = {8},
    pages = {709--731},
    volume = {38},
    isbn = {0191-2615},
    doi = {10.1016/j.trb.2003.10.002},
    issn = {01912615},
    keywords = {Equilibrium, Location, Mode choice, Park-and-ride, Pricing}
}

@article{Tenkanen2020,
    title = {{Longitudinal spatial dataset on travel times and distances by different travel modes in Helsinki Region}},
    year = {2020},
    journal = {Scientific Data},
    author = {Tenkanen, Henrikki and Toivonen, Tuuli},
    number = {1},
    pages = {1--15},
    volume = {7},
    publisher = {Springer US},
    url = {http://dx.doi.org/10.1038/s41597-020-0413-y},
    doi = {10.1038/s41597-020-0413-y},
    issn = {20524463}
}

@article{Diallo2015,
    title = {{Methodology of parking analysis}},
    year = {2015},
    journal = {Canadian Journal of Civil Engineering},
    author = {Diallo, Abdoulaye and Bourdeau, Jean-Simon and Morency, Catherine and Saunier, Nicolas},
    number = {4},
    pages = {281--285},
    volume = {42},
    doi = {10.1139/cjce-2013-0458},
    issn = {0315-1468},
    keywords = {parking, planning, supply, survey, transportation}
}

@article{Arnott1999,
    title = {{Modeling Parking}},
    year = {1999},
    journal = {Journal of Urban Economics},
    author = {Arnott, Richard and Rowse, John},
    number = {1},
    pages = {97--124},
    volume = {45},
    isbn = {0094-1190},
    doi = {10.1006/juec.1998.2084},
    issn = {00941190}
}

@incollection{Young2007,
    title = {{Modelling parking}},
    year = {2007},
    booktitle = {Handbook of Transport Modelling (Handbooks in Transport, Volume 1)},
    author = {Young, William},
    editor = {Hensher, David A. and Button, Kenneth J.},
    chapter = {24},
    edition = {2nd Editio},
    pages = {475--487},
    publisher = {Emerald Group Publishing Limited},
    isbn = {9780857245670},
    doi = {http://dx.doi.org/10.1108/9780857245670-024 D}
}

@article{Salonen2013,
    title = {{Modelling travel time in urban networks: Comparable measures for private car and public transport}},
    year = {2013},
    journal = {Journal of Transport Geography},
    author = {Salonen, Maria and Toivonen, Tuuli},
    pages = {143--153},
    volume = {31},
    publisher = {Elsevier Ltd},
    url = {http://dx.doi.org/10.1016/j.jtrangeo.2013.06.011},
    isbn = {9780080423517},
    doi = {10.1016/j.jtrangeo.2013.06.011},
    issn = {09666923},
    pmid = {11331521},
    arxivId = {z0037},
    keywords = {Accessibility, Car, Door-to-door approach, Public transport, Travel mode, Travel time}
}

@misc{ApacheSoftwareFoundation2016,
    title = {{NetBeans IDE 8.2}},
    year = {2016},
    author = {{Apache Software Foundation}},
    url = {https://netbeans.org/community/releases/82/}
}

@incollection{Sperling2017,
    title = {{Notes}},
    year = {2017},
    booktitle = {Two Billion Cars: Driving Toward Sustainability},
    author = {Sperling, Daniel and Gordon, Deborah},
    pages = {261--292},
    publisher = {Oxford University Press, Inc},
    address = {New York},
    isbn = {0309091632},
    doi = {10.5040/9780567672407.0010},
    keywords = {Automotive, Transportation}
}

@article{Mannini2017,
    title = {{On-Street Parking Search Time Estimation Using FCD Data}},
    year = {2017},
    journal = {Transportation Research Procedia},
    author = {Mannini, L. and Cipriani, E. and Crisalli, U. and Gemma, A. and Vaccaro, G.},
    pages = {929--936},
    volume = {27},
    publisher = {Elsevier B.V.},
    url = {https://doi.org/10.1016/j.trpro.2017.12.149},
    doi = {10.1016/j.trpro.2017.12.149},
    issn = {23521465},
    keywords = {FCD data, car travel time, modeling, on-street parking, parking search time}
}

@article{Belloche2015,
    title = {{On-street Parking Search Time Modelling and Validation with Survey-based Data}},
    year = {2015},
    journal = {Transportation Research Procedia},
    author = {Belloche, Sylvain},
    number = {June 2014},
    pages = {313--324},
    volume = {6},
    publisher = {Elsevier B.V.},
    url = {http://dx.doi.org/10.1016/j.trpro.2015.03.024},
    doi = {10.1016/j.trpro.2015.03.024},
    issn = {23521465},
    keywords = {modelling, multimodality, on-street parking, search time}
}

@article{Brooke2017,
    title = {{On-street parking search: A UK local authority perspective}},
    year = {2017},
    journal = {Journal of Transport and Land Use},
    author = {Brooke, Sarah Louise and Ison, Stephen and Quddus, Mohammed},
    number = {1},
    pages = {13--26},
    volume = {10},
    doi = {10.5198/jtlu.2015.600}
}

@article{DAcierno2006,
    title = {{Optimisation models for the urban parking pricing problem}},
    year = {2006},
    journal = {Transport Policy},
    author = {D'Acierno, Luca and Gallo, Mariano and Montella, Bruno},
    number = {1},
    pages = {34--48},
    volume = {13},
    isbn = {0967-070X},
    doi = {10.1016/j.tranpol.2005.08.001},
    issn = {0967070X},
    keywords = {Multimodal approach, Parking pricing, Supply design}
}

@misc{HelsinginEspoonVantaanjaKauniaistenmittausorganisaatiot2011,
    title = {{P{\"{a}}{\"{a}}kaupunkiseudun aluejakokartat}},
    year = {2011},
    author = {{Helsingin Espoon Vantaan ja Kauniaisten mittausorganisaatiot}},
    url = {https://hri.fi/data/dataset/paakaupunkiseudun-aluejakokartat}
}

@misc{Helsinginkaupunkiymparistontoimiala2019,
    title = {{P{\"{a}}{\"{a}}kaupunkiseudun aluejakokartat}},
    year = {2019},
    author = {{Helsingin kaupunkiymp{\"{a}}rist{\"{o}}n toimiala}},
    url = {https://www.avoindata.fi/data/fi/dataset/paakaupunkiseudun-aluejakokartat}
}

@misc{StatisticsFinland2019a,
    title = {{Paavo - Open data by postal code area}},
    year = {2019},
    author = {{Statistics Finland}},
    url = {https://www.stat.fi/tup/paavo/index_en.html}
}

@phdthesis{Jaakkola2013,
    title = {{Paikkatietopohjainen menetelm{\"{a}} autoilun ajoaikojen ja kokonaismatka-aikojen mallintamiseen – esimerkkin{\"{a}} p{\"{a}}{\"{a}}kaupunkiseutu}},
    year = {2013},
    author = {Jaakkola, Timo},
    pages = {87},
    url = {http://www.helsinki.fi/science/accessibility/publications/TimoJaakkola_Paikkatietopohjainen_menetelma_autoilun_ajoaikojen_ja_kokonaismatka-aikojen_mallintamiseen.pdf},
    school = {University of Helsinki},
    keywords = {Digiroad, GIS, accessibility, drive time, impedance, parking, route optimizing}
}

@phdthesis{Repo2017,
    title = {{Palveluiden saavutettavuuden muutos pitk{\"{a}}ll{\"{a}} aikav{\"{a}}lill{\"{a}}: tapaustutkimuksena p{\"{a}}{\"{a}}kaupunkiseudun kirjastoverkko}},
    year = {2017},
    author = {Repo, Joona},
    pages = {115},
    school = {University of Helsinki},
    keywords = {Helsinki region, accessibility, change, long term, planning, public libraries, services, urban structure}
}

@article{McKinney2011a,
    title = {{pandas: a Foundational Python Library for Data Analysis and Statistics}},
    year = {2011},
    journal = {Python for High Performance and Scientific Computing},
    author = {McKinney, Wes},
    pages = {1--9},
    volume = {14}
}

@article{Benenson2008,
    title = {{PARKAGENT: An agent-based model of parking in the city}},
    year = {2008},
    journal = {Computers, Environment and Urban Systems},
    author = {Benenson, Itzhak and Martens, Karel and Birfir, Slava},
    number = {6},
    pages = {431--439},
    volume = {32},
    publisher = {Elsevier Ltd},
    url = {http://dx.doi.org/10.1016/j.compenvurbsys.2008.09.011},
    isbn = {0198-9715},
    doi = {10.1016/j.compenvurbsys.2008.09.011},
    issn = {01989715},
    keywords = {Agent-based modelling, GIS, On-street parking, Parking, Residential parking, Spatially explicit modelling}
}

@article{Petiot2004,
    title = {{Parking enforcement and travel demand management}},
    year = {2004},
    journal = {Transport Policy},
    author = {Petiot, Romain},
    number = {4},
    pages = {399--411},
    volume = {11},
    isbn = {0967-070X},
    doi = {10.1016/j.tranpol.2004.07.003},
    issn = {0967070X},
    keywords = {Enforcement effort, Modal choice, Parking behaviour, Parking non-compliance, Parking policy, Travel policy}
}

@article{Maric2017,
    title = {{Parking search optimization in urban area}},
    year = {2017},
    journal = {International Journal of Simulation Modelling},
    author = {Maric, M. and Gracanin, D. and Zogovic, N. and Ruskic, N. and Ivanovic, B.},
    number = {2},
    pages = {195--206},
    volume = {16},
    doi = {10.2507/IJSIMM16(2)1.361},
    issn = {17264529},
    keywords = {Driver utility, Open data, Optimisation, Parking prediction, Parking search time}
}

@article{Arndt2016,
    title = {{Probabilistic Routing for On-Street Parking Search}},
    year = {2016},
    journal = {24th Annual European Symposium on Algorithms (ESA 2016)},
    author = {Arndt, Tobias and Hafner, Danijar and Kellermeier, Thomas and Krogmann, Simon and Razmjou, Armin and Krejca, Martin S and Rothenberger, Ralf and Friedrich, Tobias},
    number = {6},
    pages = {6:1--6:13},
    volume = {57},
    url = {http://drops.dagstuhl.de/opus/volltexte/2016/6348},
    isbn = {978-3-95977-015-6},
    doi = {http://dx.doi.org/10.4230/LIPIcs.ESA.2016.6},
    issn = {1868-8969},
    keywords = {constrained optimization, dataset, on-street parking, parking search, probabilistic routing}
}

@article{Benenson2011,
    title = {{Public transport versus private car GIS-based estimation of accessibility applied to the Tel Aviv metropolitan area}},
    year = {2011},
    journal = {Annals of Regional Science},
    author = {Benenson, Itzhak and Martens, Karel and Rof{\'{e}}, Yodan and Kwartler, Ariela},
    number = {3},
    pages = {499--515},
    volume = {47},
    url = {https://link.springer.com/article/10.1007%2Fs00168-010-0392-6},
    isbn = {05701864},
    doi = {10.1007/s00168-010-0392-6},
    issn = {05701864}
}

@phdthesis{Tarnanen2017,
    title = {{Py{\"{o}}r{\"{a}}ilyn nopeuksien ja matka-aikojen paikkatietopohjainen mallinnus p{\"{a}}{\"{a}}kaupunkiseudulla}},
    year = {2017},
    author = {Tarnanen, Ainokaisa},
    pages = {84},
    school = {University of Helsinki},
    keywords = {GIS, Helsinki region, accessibility, cycling, mobile sports application data, travel time}
}

@incollection{Kurri2002,
    title = {{Pys{\"{a}}k{\"{o}}intipoliittiset toimet ja niiden vaikutukset p{\"{a}}{\"{a}}kaupunkiseudulla}},
    year = {2002},
    booktitle = {P{\"{a}}{\"{a}}kaupunkiseudun julkaisusarja C},
    author = {Kurri, Jari and Laakso, Jukka-Matti},
    pages = {69},
    volume = {18},
    url = {https://www.google.fi/url?sa=t&rct=j&q=&esrc=s&source=web&cd=1&cad=rja&uact=8&ved=0ahUKEwidp5iXm4DYAhXkDZoKHQmhBH0QFggmMAA&url=https%3A%2F%2Fjulkaisut.liikennevirasto.fi%2Fpdf%2Fliikenteenhallinta%2Fkysynnanohjaus%2Fpysakointipolittiset_toimetjavaikutukse},
    keywords = {logit model, parking policy, parking survey, stated preference, travel demand model}
}

@book{Python3Reference,
    title = {{Python 3 Reference Manual}},
    year = {2009},
    author = {Van Rossum, Guido and Drake, Fred L},
    publisher = {CreateSpace},
    address = {Scotts Valley, CA},
    isbn = {1441412697}
}

@misc{RCoreTeam2020,
    title = {{R: A Language and Environment for Statistical Computing}},
    year = {2020},
    author = {{R Core Team}},
    url = {https://www.r-project.org/},
    institution = {R Foundation for Statistical Computing},
    address = {Vienna, Austria}
}

@article{Xu2013,
    title = {{Real-time street parking availability estimation}},
    year = {2013},
    journal = {Proceedings - IEEE International Conference on Mobile Data Management},
    author = {Xu, Bo and Wolfson, Ouri and Yang, Jie and Stenneth, Leon and Yu, Philip S. and Nelson, Peter C.},
    pages = {16--25},
    volume = {1},
    isbn = {9780769549736},
    doi = {10.1109/MDM.2013.12},
    issn = {15516245},
    keywords = {GPS, Kalman Filter, activity recognition, bluetooth, mobile phones, parking, transportation mode}
}

@misc{StatisticsFinland2012,
    title = {{Regional population density 2012}},
    year = {2012},
    author = {{Statistics Finland}},
    publisher = {CSC - IT Center for Science Ltd},
    url = {http://urn.fi/urn:nbn:fi:csc-kata00001000000000000226}
}

@article{Calthrop2006,
    title = {{Regulating on-street parking}},
    year = {2006},
    journal = {Regional Science and Urban Economics},
    author = {Calthrop, Edward and Proost, Stef},
    number = {1},
    pages = {29--48},
    volume = {36},
    isbn = {0166-0462},
    doi = {10.1016/j.regsciurbeco.2005.04.002},
    issn = {01660462},
    keywords = {Parking, Regulating urban transport, Search}
}

@inproceedings{Jarvi2014,
    title = {{Reititin: an open source tool for analysing accessibility by public transport in Greater Helsinki}},
    year = {2014},
    booktitle = {3rd Open Source Geospatial Research {\&} Education Symposium (OGRS)},
    author = {J{\"{a}}rvi, Juha and Salonen, Maria and Saarsalmi, Perttu and Tenkanen, Henrikki and Toivonen, Tuuli},
    pages = {5},
    url = {http://blogs.helsinki.fi/accessibility/publications/},
    keywords = {public transport, routing}
}

@misc{RStudioTeam2015,
    title = {{RStudio: Integrated Development Environment for R}},
    year = {2015},
    author = {{RStudio Team}},
    url = {http://www.rstudio.com/},
    institution = {RStudio, Inc.},
    address = {Boston, MA}
}

@misc{Gillies2014,
    title = {{Rtree: Spatial indexing for Python}},
    year = {2014},
    author = {Gillies, Sean and Butler, Howard},
    url = {https://rtree.readthedocs.io/en/latest/}
}

@article{Salonen2016,
    title = {{Saavutettavuuden analyysia todellisilla matka-ajoilla}},
    year = {2016},
    journal = {Positio},
    author = {Salonen, Maria and Toivonen, Tuuli and Tenkanen, Henrikki and Heikinheimo, Vuokko and J{\"{a}}rv, Olle},
    pages = {18--19},
    url = {http://www.maanmittauslaitos.fi/sites/maanmittauslaitos.fi/files/attachments/2017/08/Positio_1-2016.pdf http://www.maanmittauslaitos.fi/tietoa-maanmittauslaitoksesta/ajankohtaista/lehdet-ja-julkaisut/positio-lehti/lehdet/positio-12016},
    address = {Tampere}
}

@article{Toivonen2014,
    title = {{Saavutettavuutta laskemassa p{\"{a}}{\"{a}}kaupunkiseudulla}},
    year = {2014},
    journal = {Kvartti},
    author = {Toivonen, Tuuli and Salonen, Maria and Tenkanen, Henrikki and Saarsalmi, Perttu},
    pages = {56--65}
}

@misc{Gillies2019,
    title = {{Shapely}},
    year = {2019},
    author = {Gillies, Sean},
    url = {https://shapely.readthedocs.io/en/latest/manual.html}
}

@misc{Chang2019,
    title = {{shiny: Web Application Framework for R}},
    year = {2019},
    author = {Chang, Winston and Cheng, Joe and Allaire, JJ and Xie, Yihui and McPherson, Jonathan},
    url = {https://cran.r-project.org/package=shiny}
}

@article{Arnott2006,
    title = {{Spatial competition between parking garages and downtown parking policy}},
    year = {2006},
    journal = {Transport Policy},
    author = {Arnott, Richard},
    number = {6},
    pages = {458--469},
    volume = {13},
    isbn = {0967-070X},
    doi = {10.1016/j.tranpol.2006.05.003},
    issn = {0967070X},
    pmid = {488},
    keywords = {Mass transit, Off-street parking, On-street parking, Parking, Parking garages, Parking policy, Parking standards, Second best, Spatial competition}
}

@phdthesis{Saarsalmi2014,
    title = {{Spatio-temporal accessibility of grocery trade in Helsinki region}},
    year = {2014},
    author = {Saarsalmi, Perttu},
    pages = {107},
    url = {http://blogs.helsinki.fi/accessibility/publications/},
    school = {University of Helsinki},
    keywords = {Accessibility, Helsinki Region, Multimodal, Spatio-temporal, grocery}
}

@misc{SpyderProjectContributors2020,
    title = {{Spyder, the scientific Python development environment}},
    year = {2020},
    author = {{Spyder Project Contributors}},
    url = {https://www.spyder-ide.org}
}

@misc{ECMA2019,
    title = {{Standard ECMA-262 - ECMAScript{\textregistered} 2019 Language Specification}},
    year = {2019},
    author = {{ECMA}},
    url = {https://www.ecma-international.org/publications/standards/Ecma-262.htm}
}

@misc{Esri,
    title = {{Survey123 for ArcGIS}},
    year = {2018},
    author = {{Esri}},
    url = {https://www.esri.com/en-us/arcgis/products/survey123/overview}
}

@article{Dieussaert2009,
    title = {{SUSTAPARK: an agent-based model for simulating parking search}},
    year = {2009},
    journal = {AGILE International Conference on Geographic Information Science, Hannover},
    author = {Dieussaert, Karel and Aerts, Koen and Steenberghen, Thérèse and Maerivoet, Sven and Spitaels, Karel},
    number = {Shiftan},
    pages = {1--11},
    url = {http://www.tmleuven.be/project/sustapark/agile-2009.pdf%0Ahttp://w.tmleuven.be/project/sustapark/agile-2009.pdf},
    issn = {10458077}
}

@article{Anderson2004,
    title = {{The economics of pricing parking}},
    year = {2004},
    journal = {Journal of Urban Economics},
    author = {Anderson, Simon P. and de Palma, André},
    number = {1},
    pages = {1--20},
    volume = {55},
    isbn = {0094-1190},
    doi = {10.1016/j.jue.2003.06.004},
    issn = {00941190},
    keywords = {Common property resource, Congestion, Monopolistic competition, Parking}
}

@article{Verhoef1995,
    title = {{The economics of regulatory parking policies: The (IM)possibilities of parking policies in traffic regulation}},
    year = {1995},
    journal = {Transportation Research Part A},
    author = {Verhoef, Erik and Nijkamp, Peter and Rietveld, Piet},
    number = {2},
    pages = {141--156},
    volume = {29},
    isbn = {0965-8564},
    doi = {10.1016/0965-8564(94)E0014-Z},
    issn = {09658564}
}

@article{Marsden2006,
    title = {{The evidence base for parking policies-a review}},
    year = {2006},
    journal = {Transport Policy},
    author = {Marsden, Greg},
    number = {6},
    pages = {447--457},
    volume = {13},
    doi = {10.1016/j.tranpol.2006.05.009},
    issn = {0967070X},
    keywords = {Business, Parking, Planning, Restraint}
}

@techreport{Luoma2010,
    title = {{The future of personal transportation in megacities of the world}},
    year = {2010},
    author = {Luoma, Juha and Sivak, Michael and Zielinski, Susan},
    number = {February},
    url = {https://deepblue.lib.umich.edu/bitstream/handle/2027.42/65001/102514.pdf},
    institution = {The University of Michigan Transportation Research Institute},
    isbn = {UMTRI-2010-2},
    keywords = {automobiles, future, megacities, personal transportation, projections}
}

@article{Shoup2004,
    title = {{The ideal source of local public revenue}},
    year = {2004},
    journal = {Regional Science and Urban Economics},
    author = {Shoup, Donald C.},
    number = {6},
    pages = {753--784},
    volume = {34},
    isbn = {0166-0462},
    doi = {10.1016/j.regsciurbeco.2003.10.003},
    issn = {01660462},
    keywords = {Land value taxation, Local government revenue, Parking}
}

@article{Sheller2006,
    title = {{The new mobilities paradigm}},
    year = {2006},
    journal = {Environment and Planning A},
    author = {Sheller, Mimi and Urry, John},
    number = {2},
    pages = {207--226},
    volume = {38},
    isbn = {0308-518X},
    doi = {10.1068/a37268},
    issn = {0308518X},
    pmid = {3251472}
}

@article{Oetiker2011,
    title = {{The Not So Short Introduction to LATEX2}},
    year = {2011},
    journal = {Latex Manual},
    author = {Oetiker, Tobias and Partl, Hubert and Hyna, Irene and Schlegl, Elisabeth},
    pages = {1--157},
    url = {http://www.ctan.org/tex-archive/info/lshort/english/},
    isbn = {9787560240299},
    doi = {10.1.1.135.4500},
    issn = {1468-2044},
    pmid = {19628879},
    arxivId = {hep-th/9212124}
}

@article{Kobus2013,
    title = {{The on-street parking premium and car drivers’ choice between street and garage parking}},
    year = {2013},
    journal = {Regional Science and Urban Economics},
    author = {Kobus, Martijn B.W. and Guti{\'{e}}rrez-i-Puigarnau, Eva and Rietveld, Piet and Van Ommeren, Jos N.},
    number = {2},
    pages = {395--403},
    volume = {43},
    publisher = {Elsevier B.V.},
    url = {http://dx.doi.org/10.1016/j.regsciurbeco.2012.10.001},
    doi = {10.1016/j.regsciurbeco.2012.10.001},
    issn = {18792308},
    keywords = {Garage parking, Parking policy, Street parking}
}

@article{Banister2011,
    title = {{The trilogy of distance, speed and time}},
    year = {2011},
    journal = {Journal of Transport Geography},
    author = {Banister, David},
    number = {4},
    pages = {950--959},
    volume = {19},
    publisher = {Elsevier Ltd},
    url = {http://dx.doi.org/10.1016/j.jtrangeo.2010.12.004},
    isbn = {0966-6923},
    doi = {10.1016/j.jtrangeo.2010.12.004},
    issn = {09666923},
    keywords = {Shorter distances, Slower travel, Social constructs of time, Sustainable transport}
}

@misc{StatisticsFinland2020,
    title = {{Tilastokeskuksen tuottama ruutuaineisto yhdyskuntarakenteen seurantaan (YKR)}},
    year = {2020},
    author = {{Statistics Finland}},
    publisher = {Statistics Finland},
    url = {https://www.stat.fi/tup/ykraineistot/index.html}
}

@misc{EuropeanEnvironmentAgency2016,
    title = {{Urban Atlas 2012}},
    year = {2016},
    author = {{European Environment Agency}},
    publisher = {European Environment Agency},
    url = {http://land.copernicus.eu/local/urban-atlas/urban-atlas-2012/view},
    keywords = {2012, Copernicus, Copernicus Land, Land, Local, UA2012, Urban Atlas}
}

@article{Bertolini2003,
    title = {{Urban development without more mobility by car? Lessons from Amsterdam, a multimodal urban region}},
    year = {2003},
    journal = {Environment and Planning A},
    author = {Bertolini, Luca and le Clercq, Frank},
    number = {4},
    pages = {575--589},
    volume = {35},
    url = {http://journals.sagepub.com.libproxy.helsinki.fi/toc/epna/35/4},
    isbn = {0308-518X},
    doi = {10.1068/a3592},
    issn = {0308518X}
}

@article{Frank2008,
    title = {{Urban form, travel time, and cost relationships with tour complexity and mode choice}},
    year = {2008},
    journal = {Transportation},
    author = {Frank, Lawrence and Bradley, Mark and Kavage, Sarah and Chapman, James and Lawton, T. Keith},
    number = {1},
    pages = {37--54},
    volume = {35},
    isbn = {1111600791},
    doi = {10.1007/s11116-007-9136-6},
    issn = {00494488},
    keywords = {Mode choice, Travel time, Urban form}
}

@misc{Vantaankaupunki2019,
    title = {{Vantaa alueittain on tiivis tietopaketti Vantaasta}},
    year = {2019},
    author = {{Vantaan kaupunki}},
    url = {https://www.vantaa.fi/hallinto_ja_talous/tietoa_vantaasta/tilastot_ja_tutkimukset/vantaa_alueittain_ja_aluejaot}
}

@techreport{Ristimaki2017,
    title = {{Yhdyskuntarakenteen tulevaisuus kaupunkiseuduilla - Kaupunkikudokset ja vy{\"{o}}hykkeet}},
    year = {2017},
    booktitle = {Suomen ymp{\"{a}}rist{\"{o}}keskuksen raportteja 4/2017},
    author = {Ristim{\"{a}}ki, Mika and Tiitu, Maija and Helminen, Ville and Nieminen, Hanna and Rosengren, Katriina and Vihanninjoki, Vesa and Rehunen, Antti and Strandell, Anna and Kotilainen, Anu and Kosonen, Leo and Kalenoja, Hanna and Nieminen, Joonas and Niskanen, Suvi},
    url = {https://helda.helsinki.fi/handle/10138/176782},
    institution = {Finnish Environment Institute},
    address = {Helsinki},
    isbn = {9789521146619},
    keywords = {cycling, forethought, land use planning, public transport, urban form, urbanisation, walking}
}